% Encoding: UTF-8

@Misc{AdinaMihailescu.2014,
  author =  {{Mihailescu, Adina}},
  title =   {Messaging Systems: How to make the right choice?},
  year =    {2014},
  url =     {http://rivierarb.fr/presentations/messaging-systems/},
  urldate = {2016-03-25}
}

@Article{AlFuqaha.2015,
  author =   {{Al-Fuqaha, A.} and {Guizani, M.} and {Mohammadi, M.} and {Aledhari, M.} and {Ayyash, M.}},
  title =    {Internet of Things: A Survey on Enabling Technologies, Protocols, and Applications},
  journal =  {Communications Surveys {\&} Tutorials, IEEE},
  year =     {2015},
  volume =   {17},
  number =   {4},
  pages =    {2347--2376},
  doi =      {10.1109/COMST.2015.2444095},
  issn =     {1553-877X},
  keywords = {AMQP;big data analytics;Cloud computing;CoAP;communication technologies;Computer architecture;DDS;fog computing;intelligent decision making;Intelligent sensors;Internet of things;Internet of Things (IoT);Internet protocols;IoT;IoT Gateway;M2M technologies;machine-to-machine;mDNS;Mobile communication;MQTT;protocols;radiofrequency identification;RFID;smart sensors;XMPP}
}

@Article{AlFuqaha.2015b,
  author =  {{Al-Fuqaha, Ala} and {Khreishah, Abdallah} and {Guizani, Mohsen} and {Rayes, Ammar} and {Mohammadi, Mehdi}},
  title =   {Toward better horizontal integration among IoT services},
  journal = {IEEE Communications Magazine},
  year =    {2015},
  volume =  {53},
  number =  {9},
  pages =   {72--79},
  doi =     {10.1109/MCOM.2015.7263375},
  issn =    {0163-6804}
}

@Article{Amaran.2015,
  author =  {{Amaran, Muhammad Harith} and {Noh, Nazmin Arif Mohd} and {Rohmad, Mohd Saufy} and {Hashim, Habibah}},
  title =   {A Comparison of Lightweight Communication Protocols in Robotic Applications},
  journal = {Procedia Computer Science},
  year =    {2015},
  volume =  {76},
  pages =   {400--405},
  doi =     {10.1016/j.procs.2015.12.318},
  issn =    {18770509},
  url =     {http://www.sciencedirect.com/science/article/pii/S1877050915038193}
}

@Standard{amqp.2011,
  title =   {AMQP},
  author =  {{AMQP Working Group}},
  year =    {2011},
  url =     {http://www.amqp.org/sites/amqp.org/files/amqp.pdf},
  urldate = {2016-03-23}
}


@Misc{AMQPWorkingGroup.2009,
  author =  {{AMQP Working Group}},
  title =   {AMQP 1.0 Public Review},
  year =    {2009},
  urldate = {2016-03-24}
}

@Misc{AndyPiper.19.02.2016,
  author =  {{Piper, Andy}},
  title =   {MQTT, Einf{\"u}hrung in das Protokoll f{\"u}r M2M und IoT},
  month =   {02},
  year =    {2016},
  url =     {https://www.predic8.de/mqtt.htm},
  urldate = {2016-03-06}
}

@Misc{AndyStandfordClark.,
  author =   {{Standford-Clark, Andy}},
  title =    {FAQ - Frequently Asked Questions | MQTT},
  year =     {o. J.},
  abstract = {Answers to common questions about MQTT},
  keywords = {answers;faq;MQTT;questions},
  url =      {http://mqtt.org/faq},
  urldate =  {2016-03-22}
}

@Proceedings{Aziz.2014,
  title =    {A Formal Model and Analysis of the MQ Telemetry Transport Protocol: Availability, Reliability and Security (ARES), 2014 Ninth International Conference on},
  year =     {2014},
  editor =   {{Aziz, Benjamin}},
  doi =      {10.1109/ARES.2014.15},
  keywords = {Abstracts;Algebra;Approximation methods;approximation theory;embedded systems;formal protocol model;formal specification;formal verification;IoT;message passing;modeling choices;MQ telemetry transport version 3.1 protocol;MQTT;name-substitution semantics approximation;process algebra;program diagnostics;programming language semantics;protocols;QoS level enhancement;Quality of service;quality-of-service modes;radiotelemetry;Semantics;Servers;static analysis;telecommunication computing;timed message-passing process algebra;transport protocols}
}

@Article{Aziz.2016,
  author =  {{Aziz, Benjamin}},
  title =   {A formal model and analysis of an IoT protocol},
  journal = {Ad Hoc Networks},
  year =    {2016},
  volume =  {36},
  pages =   {49--57},
  doi =     {10.1016/j.adhoc.2015.05.013},
  issn =    {15708705},
  url =     {http://www.sciencedirect.com/science/article/pii/S1570870515001183}
}

@Proceedings{Bandyopadhyay.2013,
  title =    {Lightweight Internet protocols for web enablement of sensors using constrained gateway devices},
  year =     {2013},
  editor =   {{Bandyopadhyay, S.} and {Bhattacharyya, A.}},
  doi =      {10.1109/ICCNC.2013.6504105},
  keywords = {CoAP;computation cost;constrained application protocol;constrained device;constrained gateway devices;dominant protocols;energy usage optimization;feature wise categorization;Intelligent sensors;Internet;internetworking;lightweight;lightweight Internet protocols;Logic gates;message queue telemetry transport;MQTT;network resources;performance attributes;protocol;protocols;queueing theory;Real-time systems;Reliability;resource requirements;Sensors;Servers;TELEMETRY;Ubiquitous computing;ubiquitous environment;Web sensors enablement}
}

@Misc{Beal.2015,
  author =  {{Beal,Vangie}},
  title =   {The 7 Layers of the OSI Model},
  year =    {2015},
  url =     {http://www.webopedia.com/quick_ref/OSI_Layers.asp},
  urldate = {2016-03-24}
}

@Misc{becker.2015,
  author =  {{Becker, Markus}},
  title =   {coap-cheatsheet - A cheatsheet for the Constrained Application Protocol (CoAP)},
  year =    {2015},
  url =     {https://github.com/markushx/coap-cheatsheet},
  urldate = {2015}
}

@Proceedings{Bloebaum.2015,
  title =    {Evaluating publish/subscribe approaches for use in tactical broadband networks: Military Communications Conference, MILCOM 2015 - 2015 IEEE},
  year =     {2015},
  editor =   {{Bloebaum, T. H.} and {Johnsen, F. T.}},
  doi =      {10.1109/MILCOM.2015.7357510},
  keywords = {Broadband communication;broadband networks;DIL environments;Electronics packaging;interoperability;limited resource network;military communication;military standards;NATO;North Atlantic Treaty Organization;protocols;publish;publish-subscribe messaging pattern;Reliability;request-response messaging pattern;resource constrained network;STANDARDS;subscribe;tactical broadband network;telecommunication standards;Web service;Web services;WS-notification standard}
}

@misc{Bormann.2016,
 author = {Bormann, Carsten},
 year = {2016},
 title = {CoAP},
 url = {http://coap.technology/},
 urldate = {2016-03-21}
}

@Misc{BryanBoyd.2016,
  author =  {{Boyd, Bryan}},
  title =   {MQTT - A practical protocol for the Internet of Things},
  year =    {2016},
  url =     {http://de.slideshare.net/BryanBoyd/mqtt-austin-api},
  urldate = {2016-03-06}
}

@Proceedings{Caro.2013,
  title =    {Comparison of two lightweight protocols for smartphone-based sensing: Communications and Vehicular Technology in the Benelux (SCVT), 2013 IEEE 20th Symposium on},
  year =     {2013},
  editor =   {{de Caro, N.} and {Colitti, W.} and {Steenhaut, K.} and {Mangino, G.} and {Reali, G.}},
  doi =      {10.1109/SCVT.2013.6735994},
  keywords = {Actuators;application protocols;Bandwidth;bandwidth consumption;battery lifetime;CoAP;communication latency;constrained application protocol;crowdsensing;lightweight protocols;message queuing telemetry transport;MQTT;protocols;publish;Quality of service;queueing theory;Reliability;Sensors;Servers;smart phones;smartphone;smartphone applications;smartphone based sensing;subscribe}
}

@Proceedings{ChenZhou.2014,
  title =    {Toward the Internet of Things application and management: A practical approach: World of Wireless, Mobile and Multimedia Networks (WoWMoM), 2014 IEEE 15th International Symposium on a},
  year =     {2014},
  editor =   {{Zhou, Chen} and {Zhang,Xiaoping}},
  doi =      {10.1109/WoWMoM.2014.6918928},
  keywords = {Computer architecture;core platform redundancy;global communications;Internet;Internet of things;interoperability;IoT;IP networks;M2M communication mechanism;machine-to-machine communication mechanism;management;message-centric architecture based on MQ telemetry transport;Microprogramming;Monitoring;MQTT;open systems;optimisation;optimization;pervasive communication;protocol;protocols;Quality of service;radiotelemetry;redundancy;smart object interoperability;smart phones;transport protocols}
}

@Proceedings{Collina.2014,
  title =    {Internet of Things application layer protocol analysis over error and delay prone links: Advanced Satellite Multimedia Systems Conference and the 13th Signal Processing for Space Communications Workshop (ASMS/SPSC), 2014 7th},
  year =     {2014},
  editor =   {{Collina, M.} and {Bartolucci, M.} and {Vanelli-Coralli, A.} and {Corazza, G. E.}},
  doi =      {10.1109/ASMS-SPSC.2014.6934573},
  keywords = {application layer protocol analysis;CoAP performance;Conferences;constrained application protocol;delay;delay prone links;delays;error prone links;Internet access technology;Internet of things;IoT application layer protocols;message delivery;MQTT performance;Packet loss;packet loss probability;protocol parameters;protocols;quantitative performance analysis;radio links;resource constrained devices;retransmission mechanism;satellite communication;satellite links;Satellites;terrestrial network infrastructure;Throughput;wireless links}
}

@Misc{CompTIA.28.09.2015,
  author =   {CompTIA},
  title =    {Sizing Up the Internet of Things},
  year =     {2015},
  abstract = {This brief examines the Internet of Things, which is estimated to drive {\$}1.9 trillion in global economic value-add by 2020.},
  url =      {https://www.comptia.org/resources/sizing-up-the-internet-of-things},
  urldate =  {2016-03-24}
}

@Misc{CURSOREducationSchool.,
  author =  {{CURSOR Education School}},
  title =   {web-request-response-webinar},
  year =    {o. J.},
  url =     {http://slidedeck.io/cursor-education/web-request-response-webinar},
  urldate = {2016-03-25}
}

@PhdThesis{DanielAndresLopez.27.August2013,
  author =  {{L{\'o}pez, Daniel Andr{\'e}s }},
  title =   {Integration des Internet der Dinge in Unternehmensnetzwerke: Fokus auf nachrichtenorientierter Middleware},
  school =  {{Duale Hochschule Baden-W{\"u}rttemberg}},
  year =    {2013},
  type =    {Bachlorarbeit},
  address = {Mannheim},
  month =   {August}
}

@Article{DaveEvans.2011,
  author =  {{Evans, Dave}},
  title =   {The Internet of Things: How the Next Evolution of the InternetIs Changing Everything},
  year =    {2011},
  url =     {http://www.cisco.com/c/dam/en_us/about/ac79/docs/innov/IoT_IBSG_0411FINAL.pdf},
  urldate = {2016-03-24}
}

@Article{DominikObermaier.,
  author =  {{Obermaier, Dominik}},
  title =   {Getting Started With MQTT: A protocol for the Internet Of Things},
  year =    {o. J.},
  url =     {https://dzone.com/storage/assets/1463401-rc214-mqtt-update.pdf},
  urldate = {2016-03-24}
}

@Misc{DominikObermaier.2015,
  author =   {{Obermaier, Dominik}},
  title =    {MQTT: Schnelleinstieg in das schlanke IoT-Protokoll mit Java},
  year =     {2015},
  keywords = {Internet of things;Java},
  url =      {https://jaxenter.de/iot-allrounder-27208},
  urldate =  {2016-03-06}
}

@Misc{DominikObermaier.2015b,
  author =   {{Obermaier,Dominik}},
  title =    {Internet der Dinge: Protokolle und Verfahren},
  year =     {2015},
  abstract = {Artikel zur Integration in bestehende Software-Architekturen, Interoperabilit{\"a}t, Skalierbarkeit, IoT-Standards, Funktionsweise, CoAP, XMPP},
  keywords = {925;autorobermaier;CoAP;constrained application protocol;Extensible Messaging and Presence Protocol;Internet der Dinge;IoT;MQTT;Protokoll;XMPP},
  url =      {http://www.informatik-aktuell.de/betrieb/netzwerke/internet-der-dinge-protokolle-verfahren-und-integration-von-mqtt.html},
  urldate =  {2016-03-24}
}

@Proceedings{Durkop.2015,
  title =    {Performance evaluation of M2M protocols over cellular networks in a lab environment: Intelligence in Next Generation Networks (ICIN), 2015 18th International Conference on},
  year =     {2015},
  editor =   {{Durkop, L.} and {Czybik, B.} and {Jasperneite, J.}},
  doi =      {10.1109/ICIN.2015.7073809},
  keywords = {3G mobile communication;cellular network;cellular radio;CoAP;constrained application protocol;data transmission;delay interference;EDGE;enhanced data rates for GSM evolution;Ethernet;Internet;Internet of things;Internet-based communication;lab environment;local area networks;Long Term Evolution;LTE;M2M protocol;machine-to-machine communication;media access;message queuing telemetry transport;MQTT;OPC UA;OPC unified architecture;Payloads;Performance evaluation;protocols;Sensors;Servers;UMTS;universal mobile telecommunications system;wired network;wireless technology}
}

@Misc{EricXiao.2014,
  author =  {{Xiao,Eric}},
  title =   {Introduction MQTT in English},
  year =    {2014},
  url =     {http://de.slideshare.net/ericssonxiao/introduction-mqtt-en},
  urldate = {2016-03-06}
}

@Misc{Gargasz.2013,
  author =   {{Gargasz, Zbigniew}},
  title =    {OSI model -- how Internet works},
  year =     {2013},
  abstract = {SHARE THIS},
  keywords = {business {\&} management;computer network;diagram;how internet;how internet works;Internet;internet explained;osi model;osi scheme},
  url =      {http://www.gargasz.info/osi-model-how-internet-works/},
  urldate =  {2016-03-24}
}

@Misc{GeorgeMalliaroudakis.2015,
  author =  {{Malliaroudakis, George}},
  title =   {WebSphere MQ Telemetry},
  year =    {2015},
  url =     {http://www-03.ibm.com/software/products/en/wmq-telemetry},
  urldate = {2016-03-14}
}

@Proceedings{Gorges.2014,
  title =    {Using machine-to-machine / {\&}{\#}x201C;Internet of Things{\&}{\#}x201D; communication to simplify medical device information exchange: Internet of Things (IOT), 2014 International Conference on the},
  year =     {2014},
  editor =   {{Gorges, M.} and {Dumont, G. A.} and {Petersen, C. L.} and {Ansermino, J. M.}},
  doi =      {10.1109/IOT.2014.7030114},
  keywords = {Biomedical monitoring;biomedical telemetry;Hospitals;information exchange;information integration;integrated mobile monitoring;intensive care unit;Internet of things;interoperability;IoT;legacy devices;machine-to-machine communication;medical device connectivity;medical devices;Medical diagnostic imaging;Monitoring;MQ telemetry transport protocol;MQTT protocol;open systems;patient care;patient safety;protocols;publish-subscribe information exchange;push-based mechanism;shared information;team communication platform;transport protocols;VitalBridge interface;Wifi-enabled Beaglebone Black embedded devices;wireless LAN}
}

@Misc{Gotz.15.04.2014,
  author =   {{G{\"o}tz, Christian}},
  title =    {MQTT: Protokoll f{\"u}r das Internet der Dinge},
  month =    {04},
  year =     {2014},
  keywords = {Internet der Dinge;MQTT},
  url =      {http://www.heise.de/developer/artikel/MQTT-Protokoll-fuer-das-Internet-der-Dinge-2168152.html},
  urldate =  {2016-03-06}
}

@InProceedings{Govindan.,
  author =    {{Govindan, Kannan} and {Azad, Amar Prakash}},
  title =     {End-to-end service assurance in IoT MQTT-SN},
  booktitle = {2015 12th Annual IEEE Consumer Communications and Networking Conference (CCNC)},
  year =      {2015},
  pages =     {290--296},
  doi =       {10.1109/CCNC.2015.7157991}
}

@Article{Hanna.2016,
  author =  {{Hanna, Tam}},
  title =   {Von MQTT, CoAP und Co: Protokolle f{\"u}r Kleinger{\"a}te},
  journal = {Objektspektrum : die Zeitschrift f{\"u}r Software-Engineering und -Management},
  year =    {2016},
  volume =  {2016},
  number =  {1},
  pages =   {24--29}
}

@Standard{Hartke.2015,
 author = {Hartke, Klaus},
 year = {2015},
 title = {Observing Resources in the Constrained Application Protocol (CoAP)},
 url = {https://tools.ietf.org/html/rfc7641},
 urldate = {2016-03-25}
}

@Article{Heer.2011,
  author =  {{Heer, Thomas} and {Garcia-Morchon, Oscar} and {Hummen, Rene} and {Keoh, Sye Loong} and {Kumar, Sandeep S.} and {Wehrle, Klaus}},
  title =   {Security Challenges in the IP-based Internet of Things},
  year =    {2011},
  url =     {https://www.comsys.rwth-aachen.de/fileadmin/papers/2011/2011-heer-iot-challenges.pdf},
  urldate = {2016-03-25}
}

@Misc{HenrikSjostrand.2013,
  author =  {{Sj{\"o}strand, Henrik}},
  title =   {Low Latency Mobile Messaging using MQTT},
  year =    {2013},
  url =     {http://de.slideshare.net/henriksjostrand/devmobile-2013-lowlatencymessaging usingmqtt},
  urldate = {2016-03-06}
}

@Article{HenrykKonsek.2016,
  author =  {{Konsek, Henryk}},
  title =   {Weniger ist mehr: Womit sich Backend-Entwickler nun besch{\"a}ftigen m{\"u}ssen},
  journal = {iX Developer},
  year =    {2016},
  number =  {01/2016},
  pages =   {16--18},
  month =   {01}
}

@Misc{HiveMQ.,
  author =   {HiveMQ},
  title =    {MQTT 101 - How to get started with the lightweight IoT protocol},
  year =     {o. J.},
  abstract = {This post explains the basics of MQTT and shows how to implement two MQTT clients, which are talking to each other.},
  keywords = {getting started mqtt;hivemq;MQTT;MQTT client;mqtt example;mqtt help;mqtt publish subscribe;mqtt tut;mqtt tutorial},
  url =      {http://www.hivemq.com/blog/how-to-get-started-with-mqtt},
  urldate =  {2016-03-06}
}

@Misc{HiveMQ.b,
  author =   {HiveMQ},
  title =    {MQTT Essentials Part 3: Client, Broker and Connection Establishment},
  year =     {o. J.},
  keywords = {broker;client;connection;hivemq;MQTT},
  url =      {http://www.hivemq.com/blog/mqtt-essentials-part-3-client-broker-connection-establishment},
  urldate =  {2016-03-06}
}




@InProceedings{Hunkeler.,
  author =    {{Hunkeler, Urs} and {Truong, Hong Linh} and {Stanford-Clark, Andy}},
  title =     {MQTT-S - A publish/subscribe protocol for Wireless Sensor Networks},
  booktitle = {Communication Systems Software and Middleware and Workshops, 2008. COMSWARE 2008. 3rd International Conference on},
  year =      {2008},
  pages =     {791-798},
  month =     {01},
  doi =       {10.1109/COMSWA.2008.4554519},
  keywords =  {middleware;queueing theory;transport protocols;wireless sensor networks;IBM wireless sensor networking testbed;MQTT-S;ZigBee-based network;battery-operated sensor/actuator device;data-centric communication;distributed computing;message queuing telemetry transport;publish/subscribe messaging system;publish/subscribe protocol;Actuators;Automation;Distributed computing;Laboratories;Sensor systems and applications;Telemetry;Testing;Transport protocols;Wireless application protocol;Wireless sensor networks}
}

@Misc{IBMPressRoom.31.Mai2006,
  author =  {{IBM Press Room}},
  title =   {IBM Collaborates With St. Jude Medical on New State-of-the-Art Cardiac Patient Care System},
  year =    {2006},
  url =     {http://www-03.ibm.com/press/us/en/pressrelease/19747.wss},
  urldate = {2016-03-14}
}

@Article{Ishaq.2016,
  author =  {{Ishaq, Isam} and {Hoebeke, Jeroen} and {Moerman, Ingrid} and {Demeester, Piet}},
  title =   {Observing CoAP groups efficiently},
  journal = {Ad Hoc Networks},
  year =    {2016},
  volume =  {37},
  pages =   {368--388},
  doi =     {10.1016/j.adhoc.2015.08.030},
  issn =    {15708705},
  url =     {http://www.sciencedirect.com/science/article/pii/S1570870515001961}
}

@Misc{itemisAG.2015,
  author =   {{itemis AG}},
  title =    {Internet of Things},
  year =     {2015},
  abstract = {Webseite zum Thema {\dq}Internet der Dinge{\dq}},
  url =      {https://info.itemis.com/iot},
  urldate =  {2016-03-24}
}

@Misc{JackMannino.27.05.2015,
  title =   {Implementing CoAP The Secure Way, Part I: Fundamentals - nVisium Blog},
  month =   {05},
  year =    {2015},
  editor =  {{Mannino, Jack}},
  url =     {https://nvisium.com/blog/2015/05/27/implementing-coap-secure-way-part-i/},
  urldate = {2016-03-22}
}

@Misc{Joncas.,
  author =   {{Joncas, Roxanne}},
  title =    {MQTT and CoAP, IoT Protocols},
  month =    {02},
  year =     {2014},
  abstract = {Eclipse is probably best known as a Java IDE, but it is more: it is an IDE framework, a tools framework, an open source project, a community, an eco-system, and a foundation.},
  keywords = {CoAP;eclipse;IoT;MQTT;newsletter;protocols},
  url =      {https://eclipse.org/community/eclipse_newsletter/2014/february/article2.php},
  urldate =  {2016-03-06}
}

@Misc{KennethPeeples.2015,
  author =  {{Peeples, Kenneth}},
  title =   {The Open Universe: Internet of Things MQTT Quality of Service Levels},
  year =    {2015},
  url =     {http://www.ossmentor.com/2015/04/internet-of-things-mqtt-quality-of.html},
  urldate = {2016-03-24}
}

@Article{Kersten.2016,
  author =  {{Kersten, Konstantin} and {Hackbarth, Kai}},
  title =   {G{\"u}nstiges Klima: Erfahrungen aus dem Aufbau moderner IoT-Architekturen},
  journal = {iX Developer},
  year =    {2016},
  number =  {01/2016},
  pages =   {134--136},
  month =   {01}
}

@InCollection{Kovatsch.,
  author =  {{Kovatsch, Matthias} and {Duquennoy, Simon} and {Dunkels, Adam}},
  title =   {A Low-Power CoAP for Contiki},
  year =    {2011},
  pages =   {855--860},
  doi =     {10.1109/MASS.2011.100},
  url =     {http://dunkels.com/adam/kovatsch11low-power.pdf},
  urldate = {2016-03-22}
}

@article{Kramer.2009,
 author = {Kramer, Joshua},
 year = {2009},
 title = {Advanced Message Queuing Protocol (AMQP)},
 url = {http://www.linuxjournal.com/magazine/advanced-message-queuing-protocol-amqp?page=0,0},
 keywords = {HOW-TOs;HPC},
 urldate = {2016-03-25},
 volume = {Linux Journal},
 pages =   {54--61},
 number = {187}
}

@InProceedings{Krco.2014,
  author =    {{Krčo, S.} and {Pokrić,B.} and {Carrez,F.}},
  title =     {Designing IoT architecture(s): A European perspective},
  booktitle = {Internet of Things (WF-IoT), 2014 IEEE World Forum on},
  year =      {2014},
  pages =     {79-84},
  month =     {March},
  doi =       {10.1109/WF-IoT.2014.6803124},
  keywords =  {Internet of Things;open systems;Europe;Internet of Things domain;IoT architecture;interoperability;reference architectures;Computer architecture;Internet;Interoperability;Logic gates;Protocols;Security;Telecommunication standards;Internet of Things;IoT;architecture}
}

@Misc{LucyZhang.2011,
  author =    {{Zhang, Lucy}},
  title =     {Building Facebook Messenger},
  year =      {2011},
  timestamp = {2016-03-14},
  url =       {https://www.facebook.com/notes/facebook-engineering/building-facebook-messenger/10150259350998920},
  urldate =   {2016-03-14}
}

@InCollection{Luzuriaga.2014,
  author =    {{Luzuriaga, Jorge E.} and {Perez, Miguel} and {Boronat, Pablo} and {Cano, Juan Carlos} and {Calafate, Carlos} and {Manzoni, Pietro}},
  title =     {Testing AMQP Protocol on Unstable and Mobile Networks},
  booktitle = {Internet and Distributed Computing Systems: 7th International Conference, IDCS 2014, Calabria, Italy, September 22-24, 2014. Proceedings},
  publisher = {{Springer International Publishing}},
  year =      {2014},
  editor =    {Fortino, Giancarlo and Fatta, Giuseppe and Li, Wenfeng and Ochoa, Sergio and Cuzzocrea, Alfredo and Pathan, Mukaddim},
  pages =     {250--260},
  address =   {Cham},
  doi =       {10.1007/978-3-319-11692-1{\textunderscore }22},
  isbn =      {978-3-319-11692-1},
  url =       {http://dx.doi.org/10.1007/978-3-319-11692-1_22}
}

@InProceedings{Luzuriaga.2015,
  author =    {{Luzuriaga, Jorge E.} and {Perez, Miguel} and {Boronat, Pablo} and {Cano, Juan Carlos} and {Calafate, Carlos} and {Manzoni, Pietro}},
  title =     {A comparative evaluation of AMQP and MQTT protocols over unstable and mobile networks},
  booktitle = {2015 12th Annual IEEE Consumer Communications and Networking Conference (CCNC)},
  year =      {2015},
  pages =     {931--936},
  doi =       {10.1109/CCNC.2015.7158101}
}

@Article{MatthiasKassner.2016,
  author =  {{Kassner, Matthias}},
  title =   {Hochempfindlich: Datenerfassung in Industrieanwendungen},
  journal = {iX Developer},
  year =    {2016},
  number =  {01/2016},
  pages =   {24--27},
  month =   {01}
}

@Book{McEwen.2014,
  title =     {Designing the internet of things},
  publisher = {Wiley},
  year =      {2014},
  author =    {{McEwen, Adrian} and {Cassimally, Hakim}},
  address =   {Chichester},
  booktitle = {Designing the internet of things},
  isbn =      {1118430654},
  keywords =  {Electronic apparatus and appliances;Ubiquitous computing}
}

@InCollection{McGrath.2013,
  author =    {{McGrath, Michael J.} and {Scanaill, Cliodhna N{\'i}}},
  title =     {Sensor Network Topologies and Design Considerations},
  booktitle = {Sensor Technologies: Healthcare, Wellness, and Environmental Applications},
  publisher = {Apress},
  year =      {2013},
  pages =     {79--95},
  address =   {Berkeley, CA},
  doi =       {10.1007/978-1-4302-6014-1{\textunderscore }4},
  isbn =      {978-1-4302-6014-1},
  url =       {http://dx.doi.org/10.1007/978-1-4302-6014-1_4}
}

@Article{MichaelStal.2016,
  author =  {{Stal, Michael}},
  title =   {Meisterwerke der Konstruktion: System- und Softwarearchitekturen f{\"u}r das Internet der Dinge},
  journal = {iX Developer},
  year =    {2016},
  number =  {01/2016},
  pages =   {36--45},
  month =   {01}
}

@Misc{Micrium.2015,
  author =   {Micrium},
  title =    {Part 1: IoT Devices and Local Networks | Micrium},
  year =     {2015},
  abstract = {IoT devices are deployed in many different ways, meaning no single technology fits all designs. Learn how to choose the right networking technology.},
  url =      {https://www.micrium.com/iot/devices/},
  urldate =  {2016-03-24}
}

@Misc{NationalCable&TelecommunicationsAssociation.2015,
  author =   {{Twining, Julianne}},
  title =    {Behind The Numbers: Growth in the Internet of Things},
  year =     {2015},
  abstract = {Behind The Numbers: Growth in the Internet of Things},
  address =  {Washington, DC},
  url =      {https://www.ncta.com/platform/broadband-internet/behind-the-numbers-growth-in-the-internet-of-things/},
  urldate =  {2016-03-24}
}

@Standard{OASIS.2014,
  title =   {MQTT Version 3.1.1},
  author =  {{Organization for the Advancement of Structured Information Standards}},
  month =   {10},
  year =    {2014},
  url =     {http://docs.oasis-open.org/mqtt/mqtt/v3.1.1/os/mqtt-v3.1.1-os.html},
  urldate = {2016-03-06}
}

@Standard{OASIS.2016,
 author = {{Organization for the Advancement of Structured Information Standards}},
 title = {OASIS Message Queuing Telemetry Transport (MQTT) TC},
 year = 2016,
 url = {https://www.oasis-open.org/committees/tc_home.php?wg_abbrev=mqtt},
 urldate = {02016-03-06}
}

@misc{OASIS.2016b,
 author = {{Organization for the Advancement of Structured Information Standards}},
 year = {2016},
 title = {AMQP is the Internet Protocol for Business Messaging},
 url = {https://www.amqp.org/about/what},
 urldate = {2016-03-27}
}

@Article{Obermaier.2014,
  author =  {{Obermaier, Dominik}},
  title =   {MQTT und REST - In 30 Minuten zur eigenen M2M-Plattform},
  journal = {Java-Magazin : Java-Architekturen-SOA-Agile},
  year =    {2014},
  number =  {1},
  pages =   {64--68}
}

@Article{Obermaier.2016.01,
  author =  {{Obermaier, Dominik}},
  title =   {Gut aufgehoben:MQTT sicher einsetzen},
  journal = {iX Developer},
  year =    {2016},
  number =  {01/2016},
  pages =   {74--77},
  month =   {01}
}

@Article{OHara.2007,
  author =  {{O'Hara, John}},
  title =   {Toward a Commodity Enterprise Middleware},
  journal = {acm queue},
  year =    {2007},
  number =  {May/June 2007},
  pages =   {48--55},
  month =   {05},
  url =     {http://queue.acm.org/detail.cfm?id=1255424},
  urldate = {2016-03-25}
}

@PhdThesis{Okuniewicz.2015,
  author =  {{Okuniewicz, Richard} and {Seibold, Johannes}},
  title =   {MQTT - Message Queue Telemetry Transport Protocol},
  school =  {{Hochschule f{\"u}r Technik und Wirtschaft Aalen}},
  year =    {2015},
  type =    {Vorlesung},
  address = {Aalen},
  url =     {http://image.informatik.htw-aalen.de/Thierauf/Seminar/Ausarbeitungen-15SS/MQTT.pdf},
  urldate = {2016-03-14}
}

@Misc{oV.2016,
  author =   {o. V.},
  title =    {MQTT and CoAP: Underlying Protocols for the IoT},
  month =    {03},
  year =     {2016},
  abstract = {With HTTP's protocol overhead, how will billions of low-power, low-cost IoT devices communicate on the Internet?},
  keywords = {CoAP;Engineering Essentials;HTTP;IETF;Internet of things;IoT;message protocol;mobile;MQTT;Silicon Labs;TCP},
  url =      {http://electronicdesign.com/iot/mqtt-and-coap-underlying-protocols-iot},
  urldate =  {2016-03-24}
}

@Misc{PaoloPatierno.19.Februar2014,
  author =   {{Patierno, Paolo}},
  title =    {MQTT {\&} IoT protocols comparison},
  month =    {02},
  year =     {2014},
  abstract = {Comparison between some of the most importat Internet of Things and M2M communication protocols with a focus on MQTT. The slides describe an introduction on al$\ldots$},
  url =      {http://de.slideshare.net/paolopat/mqtt-iot-protocols-comparison},
  urldate =  {2016-03-06}
}

@Misc{PeterR.Egli.28.August2013,
  author =   {{Egli, Peter R. }},
  title =    {MQTT - MQ Telemetry Transport for Message Queueing},
  month =    {08},
  year =     {2013},
  abstract = {Description of message queueing (MQ) protocol for the transport of telemetry data (MQTT - MQ Telemetry Transport). MQTT is a protocol designed to fit the needs$\ldots$},
  url =      {http://de.slideshare.net/PeterREgli/mq-telemetry-transport},
  urldate =  {2016-03-06}
}

@Misc{PingdomAB.2016,
  author =  {{Pingdom AB}},
  title =   {Almost 8 new Internet users added worldwide every second: infografic},
  year =    {2016},
  url =     {http://royal.pingdom.com/2012/02/16/almost-8-new-internet-users-added-worldwide-every-second-infographic/},
  urldate = {2016-03-14}
}

@Misc{PivotalSoftware.2016,
  author =  {{Pivotal Software}, Inc},
  title =   {RabbitMQ - AMQP 0-9-1 Model Explained},
  month =   {03},
  year =    {2016},
  url =     {https://www.rabbitmq.com/tutorials/amqp-concepts.html},
  urldate = {2016-03-24}
}

@Standard{Rahman.2016,
  title =   {Group Communication for the Constrained Application Protocol (CoAP)},
  author =  {{Rahman} and {Akbar} and {Dijk} and {Esko}},
  month =   {01},
  year =    {2016},
  url =     {https://tools.ietf.org/html/rfc7390},
  urldate = {2016-03-22}
}

@Misc{RobvanderMeulen.10.November2015,
  author =  {{van der Meulen, Rob}},
  title =   {Gartner Says 6.4 Billion Connected {\dq}Things{\dq} Will Be in Use in 2016, Up 30 Percent From 2015},
  month =   {11},
  year =    {2015},
  url =     {http://www.gartner.com/newsroom/id/3165317},
  urldate = {2016-03-14}
}

@Article{Roden.2016,
  author =  {{Roden, Golo}},
  title =   {Botendienst: MQTT fürs Internet der Dinge und Dienste},
  journal = {iX Developer},
  year =    {2016},
  number =  {01/2016},
  pages =   {74--77},
  month =   {01}
}

@PhdThesis{RomanTrapickini.2013,
  author =      {{Trapickini, Roman}},
  title =       {Constrained Application Protocol (CoAP): Einf{\"u}hrung und {\"U}berblick},
  abstract =    {Proceedings of the Seminars Future Internet (FI), Innovative Internet Technologies and Mobile Communications (IITM) and Autonomous Communication Networks (ACN), Summer Semester 2013},
  date =        {2013},
  doi =         {10.2313/NET-2013-08-1{\textunderscore }16},
  institution = {{Chair for Network Architectures and Services, Department of Computer Science, Technische Universit{\"a}t M{\"u}nchen}},
  publisher =   {{Chair for Network Architectures and Services, Department of Computer Science, Technische Universit{\"a}t M{\"u}nchen}},
  url =         {http://www.net.in.tum.de/fileadmin/TUM/NET/NET-2013-08-1/NET-2013-08-1_16.pdf},
  urldate =     {2016-03-22}
}

@InProceedings{Rui.2015,
  author =    {{Rui, Jiang} and {Danpeng, Sun}},
  title =     {Architecture Design of the Internet of Things Based on Cloud Computing},
  booktitle = {2015 Seventh International Conference on Measuring Technology and Mechatronics Automation (ICMTMA)},
  year =      {2015},
  pages =     {206--209},
  doi =       {10.1109/ICMTMA.2015.57}
}

@Misc{Schnabel.2008,
  author =   {{Schnabel, Patrick}},
  title =    {Elektronik-Kompendium.de - ISO/OSI-7-Schichtenmodell},
  year =     {2008},
  abstract = {Das OSI-7-Schichtenmodell ist ein Referenzmodell f{\"u}r herstellerunabh{\"a}ngige Kommunikationssysteme. OSI bedeutet Open System Interconnection (Offenes System f{\"u}r Kommunikationsverbindungen).},
  url =      {http://www.elektronik-kompendium.de/sites/kom/0301201.htm},
  urldate =  {2016-03-24}
}

@Article{SebastianGolasch.2016,
  author =  {{Golasch, Sebastian}},
  title =   {(Un-)Sch{\"o}ne neue Welt: Protokollgewirr, Privatsph{\"a}re und Open Source im IoT},
  journal = {iX Developer},
  year =    {2016},
  number =  {01/2016},
  pages =   {8--14},
  month =   {01}
}

@Misc{Shelby.2014,
  author =   {{Shelby, Zach}},
  title =    {ARM IoT Tutorial: CoAP: The Web of Things Protocol},
  year =     {2014},
  abstract = {Zach Shelby, Director of Technology for IoT at ARM and previously the co-founder of Sensinode gives and an in-depth tutrorial of the Constrained Application Pr$\ldots$},
  url =      {http://de.slideshare.net/zdshelby/coap-tutorial},
  urldate =  {2016-03-25}
}

@Standard{Shelby.2016,
  title =  {The Constrained Application Protocol (CoAP)},
  author = {{Shelby, Zach} and {Hartke, Klaus} and {Bormann, Carsten} },
  year = {2014},
  url = {https://tools.ietf.org/html/rfc7252},
  urldate =  {2016-03-25}
}

@Article{Sheltami.2015,
  author =  {{Sheltami, Tarek R.} and {Al-Roubaiey, Anas A.} and {Mahmoud, Ashraf S. Hasan}},
  title =   {A survey on developing publish/subscribe middleware over wireless sensor/actuator networks},
  journal = {Wireless Networks},
  year =    {2015},
  pages =   {1--22},
  doi =     {10.1007/s11276-015-1075-0},
  issn =    {1572-8196},
  url =     {http://dx.doi.org/10.1007/s11276-015-1075-0}
}

@InProceedings{ShinhoLee.,
  author =    {{Lee, Shinho} and {Kim, Hyeonwoo} and {Hong, Dong-kweon} and {Ju, Hongtaek}},
  title =     {Correlation analysis of MQTT loss and delay according to QoS level},
  booktitle = {2013 International Conference on Information Networking (ICOIN)},
  year =      {2013},
  pages =     {714--717},
  doi =       {10.1109/ICOIN.2013.6496715}
}

@InProceedings{Singh.,
  author =    {{Singh, Meena} and {Rajan, M. A.} and {Shivraj, V. L.} and {Balamuralidhar, P.}},
  title =     {Secure MQTT for Internet of Things (IoT)},
  booktitle = {2015 Fifth International Conference on Communication Systems and Network Technologies (CSNT)},
  year =      {2015},
  pages =     {746--751},
  doi =       {10.1109/CSNT.2015.16}
}

@Misc{SpringerGablerVerlag.2016,
  author =  {{Springer Gabler Verlag}},
  title =   {Gabler Wirtschaftslexikon: Stichwort: Protokoll},
  year =    {2016},
  edition = {12},
  editor =  {Prof Dr Lackes, Richard and Dr Siepermann, Markus and Dr Winter, Eggert},
  url =     {http://wirtschaftslexikon.gabler.de/Archiv/14558/protokoll-v12.html},
  urldate = {2016-03-24}
}

@misc{Stanford-ClarkTruong.2015,
 title = {MQTT For Sensor Networks (MQTT-SN)},
 url = {http://mqtt.org/new/wp-content/uploads/2009/06/MQTT-SN_spec_v1.2.pdf},
 year = 2015,
 author ={{Stanford-Clark, Andy} and {Truong, Hong Linh}},
 urldate = {2016-03-25}
}

@Misc{SunMicrosystems.1999,
  author =  {{Sun Microsystems}},
  title =   {Basic JMS API Concepts},
  year =    {1999},
  url =     {https://da2i.univ-lille1.fr/doc/tutorial-javaee/JMS3.html},
  urldate = {2016-03-25}
}

@Book{Tarkoma.2012,
  title =     {Publish/subscribe systems: Design and principles},
  publisher = {{John Wiley {\&} Sons}},
  year =      {2012},
  editor =    {{Tarkoma, Sasu}},
  series =    {Wiley series in communications networking {\&} distributed systems},
  address =   {Chichester, West Sussex, UK},
  booktitle = {Publish/subscribe systems: Design and principles},
  doi =       {10.1002/9781118354261},
  isbn =      {9781118354261},
  keywords =  {Computer science;COMPUTERS;Electrical engineering;Engineering;Push technology (Computer networks)}
}

@Article{Teklemariam.2013,
  author =  {{Teklemariam, Girum Ketema} and {Hoebeke, Jeroen} and {Moerman, Ingrid} and {Demeester, Piet}},
  title =   {Facilitating the creation of IoT applications through conditional observations in CoAP},
  journal = {EURASIP Journal on Wireless Communications and Networking},
  year =    {2013},
  volume =  {2013},
  number =  {1},
  pages =   {1--19},
  doi =     {10.1186/1687-1499-2013-177},
  issn =    {1687-1499},
  url =     {http://dx.doi.org/10.1186/1687-1499-2013-177}
}

@InProceedings{Thangavel.2015,
  author = {{Thangavel, Dinesh} and {Ma, Xiaoping} and {Valera, Alvin} and {Tan, Hwee-Xian} and {Tan, Colin Keng-Yan}},
  title =  {Performance evaluation of MQTT and CoAP via a common middleware},
  year =   {2015},
  url =    {https://www.researchgate.net/publication/267636202_Performance_evaluation_of_MQTT_and_CoAP_via_a_common_middleware}
}

@Misc{TomaszAdamczyk.2014,
  author =   {{Adamczyk, Tomasz}},
  title =    {Das MQTT Protokoll: Hintergr{\"u}nde (Teil 1)},
  year =     {2014},
  abstract = {MQTT ist ein auf TCP basierendes, schlankes und leichtgewichtiges Kommunikations-Protokoll, welches bereits 1999 von den beiden IT Unternehmen IBM und Ar...},
  url =      {http://www.sic-software.com/das-mqtt-protokoll-1/},
  urldate =  {2016-03-06}
}

@PhdThesis{Tomova.2014,
  author =   {{Tomova, Mihaela}},
  title =    {Nachrichtenbasierte Middleware-ein Vergleich: Protokolle, F{\"a}higkeiten, Implementierungen und Anwendungsgebiete},
  year =     {2014},
  abstract = {Hauptseminar},
  keywords = {Hauptseminar;Kommunikationsnetze;TU-Ilmenau},
  url =      {http://yukon.e-technik.tu-ilmenau.de/~webkn/Abschlussarbeiten/Hauptseminararbeiten /hs_tomova.pdf},
  urldate =  {2016-03-24}
}

@Article{Ukil.2014,
  author =  {{Ukil, Arijit} and {Bandyopadhyay, Soma} and {Bhattacharyya, Abhijan} and {Pal, Arpan} and {Bose, Tulika}},
  title =   {Lightweight security scheme for IoT applications using CoAP},
  journal = {International Journal of Pervasive Computing and Communications},
  year =    {2014},
  volume =  {10},
  number =  {4},
  pages =   {372--392},
  doi =     {10.1108/IJPCC-01-2014-0002},
  issn =    {1742-7371}
}

@Article{Wojcieszak.2016,
  author =  {{Wojcieszak, Maik}},
  title =   {Kommunikativ: Internet- und Anwendungsprotokolle als IoT-Grundlage},
  journal = {iX Developer},
  year =    {2016},
  number =  {01/2016},
  pages =   {68--73},
  month =   {01}
}

@comment{jabref-meta: groupsversion:3;}

@comment{jabref-meta: groupstree:
0 AllEntriesGroup:;
1 ExplicitGroup:heise Archiv\;0\;Gotz.15.04.2014\;HenrykKonsek.2016\;Kersten.2016\;MatthiasKassner.2016\;MichaelStal.2016\;Obermaier.2016.01\;Roden.2016\;SebastianGolasch.2016\;Wojcieszak.2016\;;
1 ExplicitGroup:IEEE Xplorer\;0\;AlFuqaha.2015\;AlFuqaha.2015b\;Aziz.2014\;Aziz.2016\;Bandyopadhyay.2013\;Bloebaum.2015\;Caro.2013\;ChenZhou.2014\;Collina.2014\;Durkop.2015\;Gorges.2014\;Govindan.\;Hunkeler.\;Luzuriaga.2014\;Luzuriaga.2015\;Rui.2015\;ShinhoLee.\;Singh.\;Tarkoma.2012\;Thangavel.2015\;;
1 ExplicitGroup:acm digital\;0\;Kramer.2009\;OHara.2007\;;
1 ExplicitGroup:OASIS\;0\;AMQPWorkingGroup.2009\;Hunkeler.\;OASIS.2014\;OASIS.2016\;OASIS.2016b\;amqp.2011\;;
1 ExplicitGroup:SpringerLink\;0\;Sheltami.2015\;SpringerGablerVerlag.2016\;Teklemariam.2013\;;
1 ExplicitGroup:Bing\;0\;AndyPiper.19.02.2016\;TomaszAdamczyk.2014\;;
1 ExplicitGroup:Books24x7\;0\;McEwen.2014\;;
1 ExplicitGroup:EBESCO Host\;0\;AlFuqaha.2015b\;;
1 ExplicitGroup:Emerald Insight\;0\;Amaran.2015\;;
1 ExplicitGroup:Google\;0\;AdinaMihailescu.2014\;AndyStandfordClark.\;Beal.2015\;Bormann.2016\;CURSOREducationSchool.\;CompTIA.28.09.2015\;DaveEvans.2011\;DominikObermaier.2015\;DominikObermaier.2015b\;Gargasz.2013\;GeorgeMalliaroudakis.2015\;Heer.2011\;HiveMQ.b\;IBMPressRoom.31.Mai2006\;JackMannino.27.05.2015\;Kovatsch.\;LucyZhang.2011\;Micrium.2015\;Okuniewicz.2015\;PingdomAB.2016\;PivotalSoftware.2016\;Schnabel.2008\;Tomova.2014\;itemisAG.2015\;oV.2016\;;
1 ExplicitGroup:Gartener\;0\;RobvanderMeulen.10.November2015\;;
1 ExplicitGroup:IBM Scientific Knowledge Network\;0\;DanielAndresLopez.27.August2013\;;
1 ExplicitGroup:IETF\;0\;Hartke.2015\;Rahman.2016\;Shelby.2016\;;
1 ExplicitGroup:OLC Mathematik\;0\;Hanna.2016\;Obermaier.2014\;;
1 ExplicitGroup:ScienceDirect\;0\;Amaran.2015\;Aziz.2016\;Ishaq.2016\;;
1 ExplicitGroup:slideshare\;0\;BryanBoyd.2016\;EricXiao.2014\;HenrikSjostrand.2013\;PeterR.Egli.28.August2013\;Shelby.2014\;;
}















